<?xml version="1.0" encoding="UTF-8"?>
<record xmlns="http://www.loc.gov/MARC21/slim" xmlns:xsi="http://www.w3.org/2001/XMLSchema-instance" xsi:schemaLocation="http://www.loc.gov/MARC21/slim http://www.loc.gov/standards/marcxml/schema/MARC21slim.xsd">
<leader>00000cam a22      a 4500</leader>
<controlfield tag="001">001676855</controlfield>
<controlfield tag="003">NNU</controlfield>
<controlfield tag="005">20150325175028.0</controlfield>
<controlfield tag="008">941208s1952    le       b    000 0 araod</controlfield>
<datafield tag="035" ind1=" " ind2=" ">
<subfield code="a">(OCoLC)244107541</subfield>
</datafield>
<datafield tag="040" ind1=" " ind2=" ">
<subfield code="a">EYM</subfield>
<subfield code="c">EYM</subfield>
<subfield code="d">STF</subfield>
<subfield code="d">OCLCF</subfield>
<subfield code="d">OCLCO</subfield>
<subfield code="d">OCL</subfield>
<subfield code="d">NNU</subfield>
</datafield>
<datafield tag="043" ind1=" " ind2=" ">
<subfield code="a">a-le---</subfield>
</datafield>
<datafield tag="050" ind1=" " ind2="4">
<subfield code="a">BP63.L4</subfield>
<subfield code="b">M3 1952</subfield>
</datafield>
<datafield tag="100" ind1="1" ind2=" ">
<subfield code="6">880-01</subfield>
<subfield code="a">Madanī,Hāshim Daftardār.</subfield>
</datafield>
<datafield tag="245" ind1="1" ind2="3">
<subfield code="6">880-02</subfield>
<subfield code="a">al-Islām wa-al-Masīḥīyah fī Lubnān /</subfield>
<subfield code="c">taʼlīf Hāshim Daftardār al-Madanī,wa-Muḥammad ʻAlī al-Zuʻbī.</subfield>
</datafield>
<datafield tag="260" ind1=" " ind2=" ">
<subfield code="6">880-03</subfield>
<subfield code="a">Bayrūt :</subfield>
<subfield code="b">Dār al-Inṣāf,</subfield>
<subfield code="c">1952-</subfield>
</datafield>
<datafield tag="300" ind1=" " ind2=" ">
<subfield code="a">v. ;</subfield>
<subfield code="c">20 cm.</subfield>
</datafield>
<datafield tag="504" ind1=" " ind2=" ">
<subfield code="a">Includes bibliographies.</subfield>
</datafield>
<datafield tag="530" ind1=" " ind2=" ">
<subfield code="a">Also issued online.</subfield>
</datafield>
<datafield tag="650" ind1=" " ind2="0">
<subfield code="a">Islam</subfield>
<subfield code="x">Relations</subfield>
<subfield code="x">Christianity.</subfield>
</datafield>
<datafield tag="650" ind1=" " ind2="0">
<subfield code="a">Christianity and other religions</subfield>
<subfield code="x">Islam.</subfield>
</datafield>
<datafield tag="651" ind1=" " ind2="0">
<subfield code="a">Lebanon</subfield>
<subfield code="x">Religion.</subfield>
</datafield>
<datafield tag="650" ind1=" " ind2="7">
<subfield code="a">Christianity.</subfield>
<subfield code="2">fast</subfield>
<subfield code="0">(OCoLC)fst00859599</subfield>
</datafield>
<datafield tag="650" ind1=" " ind2="7">
<subfield code="a">Interfaith relations.</subfield>
<subfield code="2">fast</subfield>
<subfield code="0">(OCoLC)fst01353343</subfield>
</datafield>
<datafield tag="650" ind1=" " ind2="7">
<subfield code="a">Islam.</subfield>
<subfield code="2">fast</subfield>
<subfield code="0">(OCoLC)fst00979776</subfield>
</datafield>
<datafield tag="650" ind1=" " ind2="7">
<subfield code="a">Religion.</subfield>
<subfield code="2">fast</subfield>
<subfield code="0">(OCoLC)fst01093763</subfield>
</datafield>
<datafield tag="651" ind1=" " ind2="7">
<subfield code="a">Lebanon.</subfield>
<subfield code="2">fast</subfield>
<subfield code="0">(OCoLC)fst01206063</subfield>
</datafield>
<datafield tag="700" ind1="1" ind2=" ">
<subfield code="6">880-04</subfield>
<subfield code="a">Zuʻbī,Muḥammad ʻAlī.</subfield>
</datafield>
<datafield tag="880" ind1="0" ind2=" ">
<subfield code="6">100-01/</subfield>
<subfield code="a">مدني، هاشم دفتردار.</subfield>
</datafield>
<datafield tag="880" ind1="1" ind2="3">
<subfield code="6">245-02/</subfield>
<subfield code="a">الأسلام و المسيحية في لبنان /</subfield>
<subfield code="c">تأليف هاشم دفتردار المدني، و محمد علي الزعبي.</subfield>
</datafield>
<datafield tag="880" ind1=" " ind2=" ">
<subfield code="6">260-03/</subfield>
<subfield code="a">بيروت :</subfield>
<subfield code="b">دار الانصاف،</subfield>
<subfield code="c">1952-</subfield>
</datafield>
<datafield tag="880" ind1="1" ind2=" ">
<subfield code="6">700-04/</subfield>
<subfield code="a">زعبي،محمد علي.</subfield>
</datafield>
<datafield tag="OWN" ind1=" " ind2=" ">
<subfield code="a">GENERAL</subfield>
</datafield>
<datafield tag="AVA" ind1=" " ind2=" ">
<subfield code="a">NYU50</subfield>
<subfield code="b">BOBST</subfield>
<subfield code="c">Main Collection</subfield>
<subfield code="d">BP63.L4 M3</subfield>
<subfield code="e">unavailable</subfield>
<subfield code="t">Unavailable</subfield>
<subfield code="f">1</subfield>
<subfield code="g">1</subfield>
<subfield code="h">N</subfield>
<subfield code="i">0</subfield>
<subfield code="j">MAIN</subfield>
<subfield code="k">0</subfield>
</datafield>
</record>
